@incollection{Browne2003,
    title = {{E-Business Principles, Trends and Visions}},
    year = {2003},
    booktitle = {E-Business Applications: Technologies for Tommorow's Solutions},
    author = {Browne, J and Higgins, P and Hunt, I},
    pages = {3--16},
    publisher = {Springer Berlin Heidelberg},
    url = {https://doi.org/10.1007/978-3-642-55792-7_1},
    address = {Berlin, Heidelberg},
    isbn = {978-3-642-55792-7},
    doi = {10.1007/978-3-642-55792-7{\_}1}
}

